%segmentation 2D
@ARTICLE{2DSegmentation1,
author={P. Arbelaez and M. Maire and C. Fowlkes and J. Malik},
journal={IEEE Transactions on Pattern Analysis and Machine Intelligence},
title={Contour Detection and Hierarchical Image Segmentation},
year={2011},
volume={33},
number={5},
pages={898-916},
keywords={computer vision;edge detection;image segmentation;object detection;pattern clustering;trees (mathematics);computer vision;contour detection;hierarchical image segmentation;hierarchical region tree;spectral clustering;Benchmark testing;Detectors;Histograms;Humans;Image edge detection;Image segmentation;Pixel;Contour detection;computer vision.;image segmentation;Algorithms;Animals;Cluster Analysis;Humans;Image Processing, Computer-Assisted},
doi={10.1109/TPAMI.2010.161},
ISSN={0162-8828},
month={May},}

@ARTICLE{Otsu,
author={N. Otsu},
journal={IEEE Transactions on Systems, Man, and Cybernetics},
title={A Threshold Selection Method from Gray-Level Histograms},
year={1979},
volume={9},
number={1},
pages={62-66},
keywords={Displays;Gaussian distribution;Histograms;Least squares approximation;Marine vehicles;Q measurement;Radar tracking;Sea measurements;Surveillance;Target tracking},
doi={10.1109/TSMC.1979.4310076},
ISSN={0018-9472},
month={Jan},}
